<?xml version="1.0" encoding="UTF-8"?>
  <record xmlns="http://www.loc.gov/MARC21/slim" type="Authority">
    <leader>00000nz  a2200000nc 4500</leader>
    <controlfield tag="001">040476324</controlfield>
    <controlfield tag="003">DE-101</controlfield>
    <controlfield tag="005">20210805130356.0</controlfield>
    <controlfield tag="008">880701n||azznnaabn           | ana    |c</controlfield>
    <datafield tag="024" ind1="7" ind2=" ">
      <subfield code="a">4047632-7</subfield>
      <subfield code="0">http://d-nb.info/gnd/4047632-7</subfield>
      <subfield code="2">gnd</subfield>
    </datafield>
    <datafield tag="035" ind1=" " ind2=" ">
      <subfield code="a">(DE-101)040476324</subfield>
    </datafield>
    <datafield tag="035" ind1=" " ind2=" ">
      <subfield code="a">(DE-588)4047632-7</subfield>
    </datafield>
    <datafield tag="035" ind1=" " ind2=" ">
      <subfield code="z">(DE-588)7795797-0</subfield>
    </datafield>
    <datafield tag="035" ind1=" " ind2=" ">
      <subfield code="z">(DE-588c)7795797-0</subfield>
      <subfield code="9">v:zg</subfield>
    </datafield>
    <datafield tag="035" ind1=" " ind2=" ">
      <subfield code="z">(DE-588)1089089511</subfield>
    </datafield>
    <datafield tag="035" ind1=" " ind2=" ">
      <subfield code="z">(DE-588)1089091230</subfield>
    </datafield>
    <datafield tag="035" ind1=" " ind2=" ">
      <subfield code="z">(DE-588)1089087349</subfield>
    </datafield>
    <datafield tag="035" ind1=" " ind2=" ">
      <subfield code="z">(DE-588c)4047632-7</subfield>
      <subfield code="9">v:zg</subfield>
    </datafield>
    <datafield tag="040" ind1=" " ind2=" ">
      <subfield code="a">DE-101</subfield>
      <subfield code="c">DE-101</subfield>
      <subfield code="9">r:DE-101</subfield>
      <subfield code="b">ger</subfield>
      <subfield code="d">1240</subfield>
      <subfield code="e">rda</subfield>
    </datafield>
    <datafield tag="042" ind1=" " ind2=" ">
      <subfield code="a">gnd1</subfield>
    </datafield>
    <datafield tag="065" ind1=" " ind2=" ">
      <subfield code="a">3.2aa</subfield>
      <subfield code="2">sswd</subfield>
    </datafield>
    <datafield tag="075" ind1=" " ind2=" ">
      <subfield code="b">u</subfield>
      <subfield code="2">gndgen</subfield>
    </datafield>
    <datafield tag="075" ind1=" " ind2=" ">
      <subfield code="b">wit</subfield>
      <subfield code="2">gndspec</subfield>
    </datafield>
    <datafield tag="079" ind1=" " ind2=" ">
      <subfield code="a">g</subfield>
      <subfield code="q">s</subfield>
      <subfield code="q">f</subfield>
      <subfield code="u">w</subfield>
      <subfield code="u">o</subfield>
      <subfield code="u">v</subfield>
    </datafield>
    <datafield tag="083" ind1="0" ind2="4">
      <subfield code="a">223.2</subfield>
      <subfield code="9">t:2007-01-01</subfield>
      <subfield code="2">22/ger</subfield>
    </datafield>
    <datafield tag="130" ind1=" " ind2="0">
      <subfield code="a">Bibel</subfield>
      <subfield code="p">Psalmen</subfield>
    </datafield>
    <datafield tag="430" ind1=" " ind2="0">
      <subfield code="a">Psalmen</subfield>
    </datafield>
    <datafield tag="430" ind1=" " ind2="0">
      <subfield code="a">Psalterium</subfield>
    </datafield>
    <datafield tag="430" ind1=" " ind2="0">
      <subfield code="a">Psalmen Werk</subfield>
    </datafield>
    <datafield tag="430" ind1=" " ind2="0">
      <subfield code="a">Ps</subfield>
      <subfield code="4">abku</subfield>
      <subfield code="4">https://d-nb.info/standards/elementset/gnd#abbreviatedNameForTheWork</subfield>
      <subfield code="w">r</subfield>
      <subfield code="i">Abkuerzung</subfield>
      <subfield code="9">v:IxTheo</subfield>
    </datafield>
    <datafield tag="430" ind1=" " ind2="0">
      <subfield code="a">Psa</subfield>
      <subfield code="4">abku</subfield>
      <subfield code="4">https://d-nb.info/standards/elementset/gnd#abbreviatedNameForTheWork</subfield>
      <subfield code="w">r</subfield>
      <subfield code="i">Abkuerzung</subfield>
      <subfield code="9">v:IxTheo</subfield>
    </datafield>
    <datafield tag="430" ind1=" " ind2="0">
      <subfield code="a">Sal</subfield>
      <subfield code="4">abku</subfield>
      <subfield code="4">https://d-nb.info/standards/elementset/gnd#abbreviatedNameForTheWork</subfield>
      <subfield code="w">r</subfield>
      <subfield code="i">Abkuerzung</subfield>
      <subfield code="9">v:IxTheo</subfield>
    </datafield>
    <datafield tag="430" ind1=" " ind2="0">
      <subfield code="a">Sl</subfield>
      <subfield code="4">abku</subfield>
      <subfield code="4">https://d-nb.info/standards/elementset/gnd#abbreviatedNameForTheWork</subfield>
      <subfield code="w">r</subfield>
      <subfield code="i">Abkuerzung</subfield>
      <subfield code="9">v:IxTheo</subfield>
    </datafield>
    <datafield tag="430" ind1=" " ind2="0">
      <subfield code="a">Tehilim</subfield>
    </datafield>
    <datafield tag="430" ind1=" " ind2="0">
      <subfield code="a">Thilim</subfield>
    </datafield>
    <datafield tag="430" ind1=" " ind2="0">
      <subfield code="a">Thiliym</subfield>
    </datafield>
    <datafield tag="430" ind1=" " ind2="0">
      <subfield code="a">Liber psalmorum (Buch der Bibel)</subfield>
    </datafield>
    <datafield tag="430" ind1=" " ind2="0">
      <subfield code="a">&#152;Die&#156; Psalmen</subfield>
    </datafield>
    <datafield tag="430" ind1=" " ind2="0">
      <subfield code="a">Psalms</subfield>
    </datafield>
    <datafield tag="430" ind1=" " ind2="0">
      <subfield code="a">&#152;Il&#156; Cudisch Dils Psalms</subfield>
    </datafield>
    <datafield tag="430" ind1=" " ind2="0">
      <subfield code="a">Psalter</subfield>
    </datafield>
    <datafield tag="430" ind1=" " ind2="0">
      <subfield code="a">Book of psalms</subfield>
    </datafield>
    <datafield tag="430" ind1=" " ind2="0">
      <subfield code="a">&#152;Les&#156; Psaumes</subfield>
    </datafield>
    <datafield tag="430" ind1=" " ind2="0">
      <subfield code="a">&#152;Les&#156; Pseaumes</subfield>
    </datafield>
    <datafield tag="430" ind1=" " ind2="0">
      <subfield code="a">&#152;Les&#156; Psaumes de David</subfield>
    </datafield>
    <datafield tag="430" ind1=" " ind2="0">
      <subfield code="a">&#152;Die&#156; Psalmen Davids</subfield>
    </datafield>
    <datafield tag="430" ind1=" " ind2="0">
      <subfield code="a">Psalmi</subfield>
    </datafield>
    <datafield tag="430" ind1=" " ind2="0">
      <subfield code="a">Salmi</subfield>
    </datafield>
    <datafield tag="430" ind1=" " ind2="0">
      <subfield code="a">Psaltiri</subfield>
    </datafield>
    <datafield tag="430" ind1=" " ind2="0">
      <subfield code="a">Psaltirʹ</subfield>
    </datafield>
    <datafield tag="430" ind1=" " ind2="0">
      <subfield code="a">Sefer Tehilim</subfield>
    </datafield>
    <datafield tag="430" ind1=" " ind2="0">
      <subfield code="a">Psalterium Sinaiticum</subfield>
    </datafield>
    <datafield tag="430" ind1=" " ind2="0">
      <subfield code="9">U:Hebr</subfield>
      <subfield code="a">תהילים</subfield>
    </datafield>
    <datafield tag="430" ind1=" " ind2="0">
      <subfield code="9">U:Hebr</subfield>
      <subfield code="a">ספר תהילים</subfield>
    </datafield>
    <datafield tag="530" ind1=" " ind2="0">
      <subfield code="0">(DE-101)040686094</subfield>
      <subfield code="0">(DE-588)4068609-7</subfield>
      <subfield code="0">https://d-nb.info/gnd/4068609-7</subfield>
      <subfield code="a">Bibel</subfield>
      <subfield code="p">Altes Testament</subfield>
      <subfield code="p">Poetische Bücher</subfield>
      <subfield code="4">obpa</subfield>
      <subfield code="4">https://d-nb.info/standards/elementset/gnd#broaderTermPartitive</subfield>
      <subfield code="w">r</subfield>
      <subfield code="i">Oberbegriff partitiv</subfield>
      <subfield code="9">v:Enthalten in</subfield>
    </datafield>
    <datafield tag="550" ind1=" " ind2=" ">
      <subfield code="0">(DE-101)111521991X</subfield>
      <subfield code="0">(DE-588)111521991X</subfield>
      <subfield code="0">https://d-nb.info/gnd/111521991X</subfield>
      <subfield code="a">Psalmvertonung</subfield>
      <subfield code="4">vbal</subfield>
      <subfield code="4">https://d-nb.info/standards/elementset/gnd#relatedTerm</subfield>
      <subfield code="w">r</subfield>
      <subfield code="i">Verwandter Begriff</subfield>
    </datafield>
    <datafield tag="670" ind1=" " ind2=" ">
      <subfield code="a">Bibel Einheitsübers.</subfield>
    </datafield>
    <datafield tag="680" ind1=" " ind2=" ">
      <subfield code="a">Zählung und Ansetzung einzelner Psalmen erfolgen gem. § 713 RSWK nach Bibel Einheitsübers., die dem hebr. Text folgt</subfield>
    </datafield>
    <datafield tag="913" ind1=" " ind2=" ">
      <subfield code="S">swd</subfield>
      <subfield code="i">t</subfield>
      <subfield code="a">Psalmen</subfield>
      <subfield code="0">(DE-588c)4047632-7</subfield>
    </datafield>
    <datafield tag="913" ind1=" " ind2=" ">
      <subfield code="S">swd</subfield>
      <subfield code="i">t</subfield>
      <subfield code="a">Die Psalmen Davids</subfield>
      <subfield code="0">(DE-588c)7795797-0</subfield>
    </datafield>
  </record>
